@article{demobile,
  title={Mobile Platform for Translation of Brazilian Indigenous Languages of Tocantins},
  author={BRITO, George Lauro Ribeiro and Lima, Alain Neves and Barbosa, Gentil Veloso and de Oliveira, Ant{\^o}nio Wanderley},
  journal={Nature},
  year={2017},
  volume={87},
  pages={72--78},
  publisher={IACSIT Press}
}

@article{abreu2013dicionario,
  title={DICION{\'A}RIO ESCOLAR XERENTE--PORTUGU{\^E}S/PORTUGU{\^E}S--XERENTE: UMA BREVE AN{\'A}LISE DA MACRO E DA MICROESTRUTURA},
  author={ABREU, Marta Virginia de Ara{\'u}jo Batista and Castiglioni, Ana Claudia and dos Santos Andrade, Karylleila},
  journal={EntreLetras},
  volume={4},
  number={2},
  year={2013}
}

@monography{alain2014,
address={Palmas},
author={LIMA, Alain Neves},
school={Universidade Federal do Tocantins},
title={Desenvolvimento de uma Plataforma Online de tradução da linguagem indígena Xerente para linguagem Portuguesa},
type={Graduação},
year={2014}
}

@monography{silvaterene2013,
address={Araraquara},
author={SILVA, Denise},
school={Universidade Estadual Paulista},
title={Estudo lexicográfico da língua terena: proposta de um
dicionário bilíngüe terena-português},
type={Doutorado},
year={2013}
}

@book{rodrigues2002,
author = {RODRIGUES, A. D.},
title = {Línguas Brasileiras: para o conhecimento das línguas indígenas.},
publisher = {Loyola},
year = {2002},
address = {Endereço},
edition = {4º},
month = {junho},
isbn = {85-15-01045-3}
}

@article{eduardo2018,
  title={Prefixos relacionais em Jê e Karajá: um estudo histórico-comparativo},
  author={RIBEIRO, Eduardo Rivail},
  journal={Articul. constr. saber},
  volume={3},
  number={1},
  year={2018},
  pages={374--377}
}

@article{moore2008,
  title={O Desafio de Documentar e Preservar as Línguas Amazônicas},
  author={MOORE, Denny, GALUCIO, Ana Vilacy, GABAS Nílson, GOELDI Museu},
  journal={Scientific American},
  volume={3},
  number={3},
  year={2008},
  pages={36--43}
}